@article{linker,
	author = {Alan Taylor},
	journal = {Computerworld},
	number = {2},
	title = {{360 Link-Edit Times Halved For Compile-&-Go Operations At TUCC}},
	year = {1968.},
	month = {mart}
}


@article{ibm,
	author = {Alan Taylor},
	journal = {Computerworld},
	number = {2},
	title = {{It's Often Little Things That Count - Like Printouts! (Editorial)}},
	year = {1968.},
	month = {april}
} 
